
<record>
  <leader>02252cam a22004098i 4500</leader>
  <controlfield tag="001">21349338</controlfield>
  <controlfield tag="005">20200103094406.0</controlfield>
  <controlfield tag="008">200102s2020    enk      b    001 0 eng  </controlfield>
  <datafield tag="906" ind1=" " ind2=" ">
    <subfield code="a">7</subfield>
    <subfield code="b">cbc</subfield>
    <subfield code="c">orignew</subfield>
    <subfield code="d">1</subfield>
    <subfield code="e">ecip</subfield>
    <subfield code="f">20</subfield>
    <subfield code="g">y-gencatlg</subfield>
  </datafield>
  <datafield tag="925" ind1="0" ind2=" ">
    <subfield code="a">acquire</subfield>
    <subfield code="b">1 shelf copy</subfield>
    <subfield code="x">policy default</subfield>
  </datafield>
  <datafield tag="955" ind1=" " ind2=" ">
    <subfield code="b">rf26 2020-01-02</subfield>
    <subfield code="d">rf26 2020-01-02 to SL</subfield>
    <subfield code="e">rf07 2020-01-03 (telework) to Dewey</subfield>
    <subfield code="w">xm06 2020-01-03</subfield>
  </datafield>
  <datafield tag="010" ind1=" " ind2=" ">
    <subfield code="a">  2019049312</subfield>
  </datafield>
  <datafield tag="020" ind1=" " ind2=" ">
    <subfield code="a">9781138643444</subfield>
    <subfield code="q">(hardback)</subfield>
  </datafield>
  <datafield tag="020" ind1=" " ind2=" ">
    <subfield code="a">9781138643451</subfield>
    <subfield code="q">(paperback)</subfield>
  </datafield>
  <datafield tag="020" ind1=" " ind2=" ">
    <subfield code="z">9781003015079</subfield>
    <subfield code="q">(ebook)</subfield>
  </datafield>
  <datafield tag="040" ind1=" " ind2=" ">
    <subfield code="a">DLC</subfield>
    <subfield code="b">eng</subfield>
    <subfield code="e">rda</subfield>
    <subfield code="c">DLC</subfield>
  </datafield>
  <datafield tag="042" ind1=" " ind2=" ">
    <subfield code="a">pcc</subfield>
  </datafield>
  <datafield tag="043" ind1=" " ind2=" ">
    <subfield code="a">ma-----</subfield>
    <subfield code="a">a-tu---</subfield>
  </datafield>
  <datafield tag="050" ind1="0" ind2="0">
    <subfield code="a">DS38.8</subfield>
    <subfield code="b">.H38 2020</subfield>
  </datafield>
  <datafield tag="082" ind1="0" ind2="0">
    <subfield code="a">956/.015</subfield>
    <subfield code="2">23</subfield>
  </datafield>
  <datafield tag="100" ind1="1" ind2=" ">
    <subfield code="a">Hathaway, Jane,</subfield>
    <subfield code="d">1962-</subfield>
    <subfield code="e">author.</subfield>
  </datafield>
  <datafield tag="245" ind1="1" ind2="4">
    <subfield code="a">The Arab lands under Ottoman rule :</subfield>
    <subfield code="b">1516-1800 /</subfield>
    <subfield code="c">Jane Hathaway.</subfield>
  </datafield>
  <datafield tag="250" ind1=" " ind2=" ">
    <subfield code="a">Second Edition.</subfield>
  </datafield>
  <datafield tag="263" ind1=" " ind2=" ">
    <subfield code="a">2001</subfield>
  </datafield>
  <datafield tag="264" ind1=" " ind2="1">
    <subfield code="a">Abingdon, Oxon ;</subfield>
    <subfield code="a">New York :</subfield>
    <subfield code="b">Routledge,</subfield>
    <subfield code="c">2020.</subfield>
  </datafield>
  <datafield tag="300" ind1=" " ind2=" ">
    <subfield code="a">pages cm.</subfield>
  </datafield>
  <datafield tag="336" ind1=" " ind2=" ">
    <subfield code="a">text</subfield>
    <subfield code="b">txt</subfield>
    <subfield code="2">rdacontent</subfield>
  </datafield>
  <datafield tag="337" ind1=" " ind2=" ">
    <subfield code="a">unmediated</subfield>
    <subfield code="b">n</subfield>
    <subfield code="2">rdamedia</subfield>
  </datafield>
  <datafield tag="338" ind1=" " ind2=" ">
    <subfield code="a">volume</subfield>
    <subfield code="b">nc</subfield>
    <subfield code="2">rdacarrier</subfield>
  </datafield>
  <datafield tag="490" ind1="0" ind2=" ">
    <subfield code="a">A history of the near east</subfield>
  </datafield>
  <datafield tag="504" ind1=" " ind2=" ">
    <subfield code="a">Includes bibliographical references and index.</subfield>
  </datafield>
  <datafield tag="505" ind1="0" ind2=" ">
    <subfield code="a">Introduction: Rewriting Arab History, 1516-1800 -- Land and Peoples -- The Ottoman Conquest of the Arab Lands -- The Organization of the Ottoman Provincial Administration -- Crisis and Change in the Seventeenth Century -- Provincial Notables in the Eighteenth Century -- Religious and Intellectual Life -- Urban Life and Trade -- Rural Life -- Non-Normative Populations I: Non-Muslims; the Poor and Disabled -- Non-Normative Populations II: Women, Non-Elite Slaves, Eunuchs -- Ideological and Political Changes in the Late Eighteenth Century (and Afterward).</subfield>
  </datafield>
  <datafield tag="520" ind1=" " ind2=" ">
    <subfield code="a">&quot;The Arab Lands under Ottoman Rule assesses the effects of Ottoman rule on the Arab Lands of Egypt, Greater Syria, Iraq and Yemen between 1516 and 1800.&quot;--</subfield>
    <subfield code="c">Provided by publisher.</subfield>
  </datafield>
  <datafield tag="651" ind1=" " ind2="0">
    <subfield code="a">Arab countries</subfield>
    <subfield code="x">History</subfield>
    <subfield code="y">1517-1918.</subfield>
  </datafield>
  <datafield tag="651" ind1=" " ind2="0">
    <subfield code="a">Turkey</subfield>
    <subfield code="x">History</subfield>
    <subfield code="y">Ottoman Empire, 1288-1918.</subfield>
  </datafield>
  <datafield tag="650" ind1=" " ind2="0">
    <subfield code="a">Islamic Empire</subfield>
    <subfield code="x">History.</subfield>
  </datafield>
  <datafield tag="776" ind1="0" ind2="8">
    <subfield code="i">Online version:</subfield>
    <subfield code="a">Hathaway, Jane,</subfield>
    <subfield code="t">The Arab lands under Ottoman rule</subfield>
    <subfield code="b">Second Edition.</subfield>
    <subfield code="d">Abingdon, Oxon ; New York : Routledge, 2020.</subfield>
    <subfield code="z">9781003015079</subfield>
    <subfield code="w">(DLC) 2019049313</subfield>
  </datafield>
</record>