
<record>
  <leader>01927cam a2200445 a 4500</leader>
  <controlfield tag="001">21349520</controlfield>
  <controlfield tag="005">20200103100229.0</controlfield>
  <controlfield tag="008">000531s1470    gw            000 0 lat d</controlfield>
  <datafield tag="906" ind1=" " ind2=" ">
    <subfield code="a">7</subfield>
    <subfield code="b">cbc</subfield>
    <subfield code="c">copycat</subfield>
    <subfield code="d">2</subfield>
    <subfield code="e">ncip</subfield>
    <subfield code="f">20</subfield>
    <subfield code="g">y-genrareb</subfield>
  </datafield>
  <datafield tag="955" ind1=" " ind2=" ">
    <subfield code="b">he04 2020-01-02</subfield>
    <subfield code="i">he04 2020-01-02</subfield>
    <subfield code="a">Returned to RBSCD he04 2020-01-03</subfield>
  </datafield>
  <datafield tag="010" ind1=" " ind2=" ">
    <subfield code="a">  2018659156</subfield>
  </datafield>
  <datafield tag="042" ind1=" " ind2=" ">
    <subfield code="a">lccopycat</subfield>
  </datafield>
  <datafield tag="035" ind1=" " ind2=" ">
    <subfield code="a">(OCoLC)ocn270643605</subfield>
  </datafield>
  <datafield tag="040" ind1=" " ind2=" ">
    <subfield code="a">AN#</subfield>
    <subfield code="b">eng</subfield>
    <subfield code="e">dcrmb</subfield>
    <subfield code="c">AN#</subfield>
    <subfield code="d">UIU</subfield>
    <subfield code="d">EYP</subfield>
    <subfield code="d">OCLCQ</subfield>
    <subfield code="d">OCLCO</subfield>
    <subfield code="d">OCLCF</subfield>
    <subfield code="d">DLC</subfield>
  </datafield>
  <datafield tag="024" ind1="8" ind2=" ">
    <subfield code="a">PML 78266.4</subfield>
  </datafield>
  <datafield tag="024" ind1="7" ind2=" ">
    <subfield code="a">ChL 167</subfield>
  </datafield>
  <datafield tag="035" ind1=" " ind2=" ">
    <subfield code="a">(OCoLC)270643605</subfield>
  </datafield>
  <datafield tag="050" ind1="0" ind2="0">
    <subfield code="a">BT600</subfield>
    <subfield code="b">.O35 1470</subfield>
  </datafield>
  <datafield tag="100" ind1="0" ind2=" ">
    <subfield code="a">Ogier,</subfield>
    <subfield code="c">of Locedio, Abbot of Locedio,</subfield>
    <subfield code="d">-1214.</subfield>
  </datafield>
  <datafield tag="240" ind1="1" ind2="0">
    <subfield code="a">De planctu Beatae Mariae Virginis</subfield>
  </datafield>
  <datafield tag="245" ind1="1" ind2="0">
    <subfield code="a">Tractat[us] beati bernhardi de pla[n]ctu b[ea]te marie.</subfield>
  </datafield>
  <datafield tag="246" ind1="3" ind2=" ">
    <subfield code="a">Tractatus beati Bernardi de planctu beatae Mariae</subfield>
  </datafield>
  <datafield tag="260" ind1=" " ind2=" ">
    <subfield code="a">[Cologne, Germany] :</subfield>
    <subfield code="b">[Ulrich Zell],</subfield>
    <subfield code="c">[ca. 1470]</subfield>
  </datafield>
  <datafield tag="300" ind1=" " ind2=" ">
    <subfield code="a">[12] p. ;</subfield>
    <subfield code="c">22 cm (4to)</subfield>
  </datafield>
  <datafield tag="500" ind1=" " ind2=" ">
    <subfield code="a">Title from caption.</subfield>
  </datafield>
  <datafield tag="500" ind1=" " ind2=" ">
    <subfield code="a">Imprint from ISTC.</subfield>
  </datafield>
  <datafield tag="500" ind1=" " ind2=" ">
    <subfield code="a">Now attributed to Ogier of Locedio; formerly attributed to Bernard of Clairvaux.</subfield>
  </datafield>
  <datafield tag="500" ind1=" " ind2=" ">
    <subfield code="a">Signatures: [1]⁶.</subfield>
  </datafield>
  <datafield tag="510" ind1="4" ind2=" ">
    <subfield code="a">Goff, F.R. Incunabula in American libraries,</subfield>
    <subfield code="c">B-421</subfield>
  </datafield>
  <datafield tag="510" ind1="4" ind2=" ">
    <subfield code="a">Gesamtkatalog der Wiegendrucke,</subfield>
    <subfield code="c">4056</subfield>
  </datafield>
  <datafield tag="510" ind1="4" ind2=" ">
    <subfield code="a">Catalogue of books printed in the XVth century now in the British Museum,</subfield>
    <subfield code="c">volume 1, page 183 (IA. 2784)</subfield>
  </datafield>
  <datafield tag="510" ind1="4" ind2=" ">
    <subfield code="a">Incunabula Short Title Catalogue,</subfield>
    <subfield code="c">ib00421000</subfield>
  </datafield>
  <datafield tag="500" ind1=" " ind2=" ">
    <subfield code="a">One capital space.</subfield>
  </datafield>
  <datafield tag="500" ind1=" " ind2=" ">
    <subfield code="a">LC copy has an initial, paragraph mark, underlining, and capital strokes in red. Has a binder&apos;s ticket: G. Hedrich u. E. Klee, Leipzig.</subfield>
    <subfield code="5">DLC</subfield>
  </datafield>
  <datafield tag="600" ind1="0" ind2="0">
    <subfield code="a">Mary,</subfield>
    <subfield code="c">Blessed Virgin, Saint</subfield>
    <subfield code="v">Early works to 1800.</subfield>
  </datafield>
  <datafield tag="655" ind1=" " ind2="7">
    <subfield code="a">Incunabula.</subfield>
    <subfield code="2">rbgenr</subfield>
  </datafield>
  <datafield tag="700" ind1="0" ind2=" ">
    <subfield code="a">Bernard,</subfield>
    <subfield code="c">of Clairvaux, Saint,</subfield>
    <subfield code="d">1090 or 1091-1153.</subfield>
  </datafield>
  <datafield tag="700" ind1="1" ind2=" ">
    <subfield code="a">Zell, Ulrich,</subfield>
    <subfield code="d">-1503,</subfield>
    <subfield code="e">printer.</subfield>
  </datafield>
  <datafield tag="710" ind1="2" ind2=" ">
    <subfield code="a">Otto Vollbehr Collection (Library of Congress)</subfield>
    <subfield code="5">DLC</subfield>
  </datafield>
  <datafield tag="752" ind1=" " ind2=" ">
    <subfield code="a">Germany</subfield>
    <subfield code="d">Cologne.</subfield>
  </datafield>
</record>