
<record>
  <leader>02910ckm a22004817a 4500</leader>
  <controlfield tag="001">21349758</controlfield>
  <controlfield tag="005">20200103123412.0</controlfield>
  <controlfield tag="007">kj bo|</controlfield>
  <controlfield tag="008">200102s1949    nyunnn            cneng  </controlfield>
  <datafield tag="906" ind1=" " ind2=" ">
    <subfield code="a">0</subfield>
    <subfield code="b">cbc</subfield>
    <subfield code="c">orignew</subfield>
    <subfield code="d">u</subfield>
    <subfield code="e">ncip</subfield>
    <subfield code="f">20</subfield>
    <subfield code="g">y-printpho</subfield>
  </datafield>
  <datafield tag="955" ind1=" " ind2=" ">
    <subfield code="a">pnpm qw30 2020-01</subfield>
  </datafield>
  <datafield tag="010" ind1=" " ind2=" ">
    <subfield code="a">  2020630051</subfield>
  </datafield>
  <datafield tag="037" ind1=" " ind2=" ">
    <subfield code="a">LC-DIG-ppmsca-68043</subfield>
    <subfield code="b">DLC</subfield>
    <subfield code="c">(digital file from original item, title page)</subfield>
  </datafield>
  <datafield tag="040" ind1=" " ind2=" ">
    <subfield code="a">DLC</subfield>
    <subfield code="b">eng</subfield>
    <subfield code="e">dcrmg</subfield>
    <subfield code="c">DLC</subfield>
  </datafield>
  <datafield tag="050" ind1="0" ind2="0">
    <subfield code="a">NE538.N5</subfield>
    <subfield code="b">W672 1949</subfield>
  </datafield>
  <datafield tag="245" ind1="0" ind2="0">
    <subfield code="a">Negro: U.S.A. :</subfield>
    <subfield code="b">a graphic history of the Negro people in America</subfield>
    <subfield code="h">[graphic] /</subfield>
    <subfield code="c">with a foreword by Herbert Aptheker.</subfield>
  </datafield>
  <datafield tag="260" ind1=" " ind2=" ">
    <subfield code="a">New York :</subfield>
    <subfield code="b">The Workshop of Graphic Art,</subfield>
    <subfield code="c">[1949]</subfield>
  </datafield>
  <datafield tag="300" ind1=" " ind2=" ">
    <subfield code="a">1 print :</subfield>
    <subfield code="b">offset lithograph ;</subfield>
    <subfield code="c">sheet 35.5 x 22.8 cm.</subfield>
  </datafield>
  <datafield tag="336" ind1=" " ind2=" ">
    <subfield code="a">still image</subfield>
    <subfield code="b">sti</subfield>
    <subfield code="2">rdacontent</subfield>
  </datafield>
  <datafield tag="337" ind1=" " ind2=" ">
    <subfield code="a">unmediated</subfield>
    <subfield code="b">n</subfield>
    <subfield code="2">rdamedia</subfield>
  </datafield>
  <datafield tag="338" ind1=" " ind2=" ">
    <subfield code="a">sheet</subfield>
    <subfield code="b">nb</subfield>
    <subfield code="2">rdacarrier</subfield>
  </datafield>
  <datafield tag="520" ind1=" " ind2=" ">
    <subfield code="a">Print showing a clenched fist in the right corner and the names of several artists listed under the title.</subfield>
  </datafield>
  <datafield tag="540" ind1=" " ind2=" ">
    <subfield code="a">Rights status not evaluated. For general information see &quot;Copyright and Other Restrictions...,&quot;</subfield>
    <subfield code="u">http://www.loc.gov/rr/print/195_copr.html</subfield>
  </datafield>
  <datafield tag="500" ind1=" " ind2=" ">
    <subfield code="a">&quot;Workshop prints no. 2. The Graphic Workshop&quot;.</subfield>
  </datafield>
  <datafield tag="500" ind1=" " ind2=" ">
    <subfield code="a">Artists: Leonard Baskin, Roy DeCarava, Antonio Frasconi, Robert Gwathmey, Bud Handelsman, Charles Keller, Louise Krueger, Jacob Landau, Al Lass, Jacob Lawrence, Jerry Martin, Leona Pierce, Jim Schlecker, Edward Walsh, Charles White.</subfield>
  </datafield>
  <datafield tag="500" ind1=" " ind2=" ">
    <subfield code="a">Title from item.</subfield>
  </datafield>
  <datafield tag="541" ind1=" " ind2=" ">
    <subfield code="3">LC Copy 1:</subfield>
    <subfield code="c">Gift ;</subfield>
    <subfield code="a">Ben and Beatrice Goldstein Foundation;</subfield>
    <subfield code="d">2003;</subfield>
    <subfield code="e">(DLC/PP - 2003:162.2018).</subfield>
    <subfield code="5">DLC</subfield>
  </datafield>
  <datafield tag="585" ind1=" " ind2=" ">
    <subfield code="a">Exhibited (1st venue): &quot;Robert Blackburn and Modern American Printmaking&quot; at the Nelson-Atkins Museum of Art, Kansas City, MO, March 28, 2020 - August 2, 2020.</subfield>
  </datafield>
  <datafield tag="585" ind1=" " ind2=" ">
    <subfield code="a">Exhibited (2nd venue): &quot;Robert Blackburn and Modern American Printmaking&quot; at the Figge Art Museum, Davenport, IA.</subfield>
  </datafield>
  <datafield tag="585" ind1=" " ind2=" ">
    <subfield code="a">Exhibited (3rd venue): &quot;Robert Blackburn and Modern American Printmaking&quot; at the Hyde Collection, Glens Falls, NY.</subfield>
  </datafield>
  <datafield tag="500" ind1=" " ind2=" ">
    <subfield code="a">Additional Venues(s)/Dates: African-American Museum in Philadelphia; Detroit Institute of Art; Reynolda House Museum of American Art, Salem, NC; Taft Museum of Art, Cincinnati, OH; Georgia Museum of Art, Athen, GA.</subfield>
  </datafield>
  <datafield tag="650" ind1=" " ind2="0">
    <subfield code="a">African Americans</subfield>
    <subfield code="x">History.</subfield>
  </datafield>
  <datafield tag="650" ind1=" " ind2="0">
    <subfield code="a">African Americans in art.</subfield>
  </datafield>
  <datafield tag="650" ind1=" " ind2="0">
    <subfield code="a">African American art.</subfield>
  </datafield>
  <datafield tag="650" ind1=" " ind2="7">
    <subfield code="a">Fists</subfield>
    <subfield code="y">1940-1950.</subfield>
    <subfield code="2">lctgm</subfield>
  </datafield>
  <datafield tag="655" ind1=" " ind2="7">
    <subfield code="a">Title pages</subfield>
    <subfield code="y">1940-1950.</subfield>
    <subfield code="2">gmgpc</subfield>
  </datafield>
  <datafield tag="655" ind1=" " ind2="7">
    <subfield code="a">Offset lithographs</subfield>
    <subfield code="y">1940-1950.</subfield>
    <subfield code="2">gmgpc</subfield>
  </datafield>
  <datafield tag="710" ind1="2" ind2=" ">
    <subfield code="a">Workshop of Graphic Art (New York, N.Y.)</subfield>
  </datafield>
  <datafield tag="852" ind1=" " ind2=" ">
    <subfield code="a">Library of Congress</subfield>
    <subfield code="b">Prints and Photographs Division</subfield>
    <subfield code="e">Washington, D.C. 20540 USA</subfield>
    <subfield code="n">dcu</subfield>
    <subfield code="u">http://hdl.loc.gov/loc.pnp/pp.print</subfield>
  </datafield>
  <datafield tag="856" ind1="4" ind2="1">
    <subfield code="3">digital file from original item, title page</subfield>
    <subfield code="d">ppmsca</subfield>
    <subfield code="f">68043</subfield>
    <subfield code="q">p</subfield>
    <subfield code="u">http://hdl.loc.gov/loc.pnp/ppmsca.68043</subfield>
  </datafield>
  <datafield tag="985" ind1=" " ind2=" ">
    <subfield code="a">pp/casebk</subfield>
  </datafield>
  <datafield tag="985" ind1=" " ind2=" ">
    <subfield code="a">pp/exh</subfield>
    <subfield code="e">L5218 #02.00.01</subfield>
  </datafield>
  <datafield tag="991" ind1=" " ind2=" ">
    <subfield code="b">c-P&amp;P</subfield>
    <subfield code="m">Case Y</subfield>
    <subfield code="t">Copy 1</subfield>
  </datafield>
</record>