
<record>
  <leader>06141cam a22003978i 4500</leader>
  <controlfield tag="001">21349784</controlfield>
  <controlfield tag="005">20200103115714.0</controlfield>
  <controlfield tag="008">200102s2020    nyu      b    001 0 eng  </controlfield>
  <datafield tag="906" ind1=" " ind2=" ">
    <subfield code="a">7</subfield>
    <subfield code="b">cbc</subfield>
    <subfield code="c">orignew</subfield>
    <subfield code="d">1</subfield>
    <subfield code="e">ecip</subfield>
    <subfield code="f">20</subfield>
    <subfield code="g">y-gencatlg</subfield>
  </datafield>
  <datafield tag="925" ind1="0" ind2=" ">
    <subfield code="a">acquire</subfield>
    <subfield code="b">1 shelf copy</subfield>
    <subfield code="x">policy default</subfield>
  </datafield>
  <datafield tag="955" ind1=" " ind2=" ">
    <subfield code="b">IEN 2020-01-02</subfield>
    <subfield code="e">rm04 2020-01-03 to Dewey</subfield>
  </datafield>
  <datafield tag="010" ind1=" " ind2=" ">
    <subfield code="a">  2019060075</subfield>
  </datafield>
  <datafield tag="020" ind1=" " ind2=" ">
    <subfield code="a">9780367143374</subfield>
    <subfield code="q">(hardback)</subfield>
  </datafield>
  <datafield tag="020" ind1=" " ind2=" ">
    <subfield code="z">9780429031342</subfield>
    <subfield code="q">(ebook)</subfield>
  </datafield>
  <datafield tag="040" ind1=" " ind2=" ">
    <subfield code="a">IEN/DLC</subfield>
    <subfield code="b">eng</subfield>
    <subfield code="e">rda</subfield>
    <subfield code="c">DLC</subfield>
  </datafield>
  <datafield tag="042" ind1=" " ind2=" ">
    <subfield code="a">pcc</subfield>
  </datafield>
  <datafield tag="043" ind1=" " ind2=" ">
    <subfield code="a">fb-----</subfield>
  </datafield>
  <datafield tag="050" ind1="0" ind2="0">
    <subfield code="a">HF5415.5</subfield>
    <subfield code="b">.C8363 2020</subfield>
  </datafield>
  <datafield tag="082" ind1="0" ind2="4">
    <subfield code="a">658.8120967</subfield>
    <subfield code="2">23</subfield>
  </datafield>
  <datafield tag="245" ind1="0" ind2="0">
    <subfield code="a">Customer service management in Africa :</subfield>
    <subfield code="b">a strategic and operational perspective /</subfield>
    <subfield code="c">Professor Robert E. Hinson, Dr. Ogechi Adeola, Dr. Terri R. Lituchy, Professor Abednego Feehi Okoe Amartey.</subfield>
  </datafield>
  <datafield tag="263" ind1=" " ind2=" ">
    <subfield code="a">2007</subfield>
  </datafield>
  <datafield tag="264" ind1=" " ind2="1">
    <subfield code="a">New York :</subfield>
    <subfield code="b">Routledge,</subfield>
    <subfield code="c">2020.</subfield>
  </datafield>
  <datafield tag="300" ind1=" " ind2=" ">
    <subfield code="a">pages cm</subfield>
  </datafield>
  <datafield tag="336" ind1=" " ind2=" ">
    <subfield code="a">text</subfield>
    <subfield code="b">txt</subfield>
    <subfield code="2">rdacontent</subfield>
  </datafield>
  <datafield tag="337" ind1=" " ind2=" ">
    <subfield code="a">unmediated</subfield>
    <subfield code="b">n</subfield>
    <subfield code="2">rdamedia</subfield>
  </datafield>
  <datafield tag="338" ind1=" " ind2=" ">
    <subfield code="a">volume</subfield>
    <subfield code="b">nc</subfield>
    <subfield code="2">rdacarrier</subfield>
  </datafield>
  <datafield tag="504" ind1=" " ind2=" ">
    <subfield code="a">Includes bibliographical references and index.</subfield>
  </datafield>
  <datafield tag="505" ind1="0" ind2="0">
    <subfield code="t">Introduction to Customer Service Management: A Strategic and Operational Perspective /</subfield>
    <subfield code="r">Robert Ebo Hinson, Ogechi Adeola, Terri R. Lituchy, and Abednego Feehi Okoe Amartey --</subfield>
    <subfield code="g">Theme A: Customer Service as Shared Value --</subfield>
    <subfield code="t">Who is A Customer? /</subfield>
    <subfield code="r">Desmond Ayentimi --</subfield>
    <subfield code="t">Defining a Customer-driven Organisation /</subfield>
    <subfield code="r">Benjamin Mwanzia Mulili --</subfield>
    <subfield code="t">Ethical Customer Service /</subfield>
    <subfield code="r">Ruth N. Kiraka --</subfield>
    <subfield code="g">Theme B: Customer Service Strategy --</subfield>
    <subfield code="t">An Institutional Economics-Led Model of Customer Service Strategy /</subfield>
    <subfield code="r">Awele Achi and Olutayo Otubanjo --</subfield>
    <subfield code="t">Barriers to Implementing Customer Service Strategy /</subfield>
    <subfield code="r">Sarah Kimani --</subfield>
    <subfield code="g">Theme C: Customer Service System --</subfield>
    <subfield code="t">Customer Service Systems /</subfield>
    <subfield code="r">Paul Katuse --</subfield>
    <subfield code="t">Application of Digital Technology and Social Media to enhance Customer Service Experience /</subfield>
    <subfield code="r">Ogechi Adeola, David Ehira, and Oserere Eigbe --</subfield>
    <subfield code="t">Technology and Social Media in Customer Service /</subfield>
    <subfield code="r">Abel Kinoti Meru, Giacomo Ciambotti, Jimmy Ebong, Mary Wanjiru Kinoti, and Rehema Mugendi --</subfield>
    <subfield code="g">Theme D: Customer Service Style --</subfield>
    <subfield code="t">Innovation and Customer Service /</subfield>
    <subfield code="r">Justus M Munyoki --</subfield>
    <subfield code="t">Entrepreneurial Customer Service /</subfield>
    <subfield code="r">Ruth N. Kiraka --</subfield>
    <subfield code="t">Leadership and Customer Service /</subfield>
    <subfield code="r">Emmanuel Chao --</subfield>
    <subfield code="t">Teamwork and Customer Service /</subfield>
    <subfield code="r">Abdullah Promise Opute --</subfield>
    <subfield code="t">Customer Service Training /</subfield>
    <subfield code="r">Benjamin Mwanzia Mulili --</subfield>
    <subfield code="g">Theme E: Customer Service Culture --</subfield>
    <subfield code="t">Organisational Culture &amp; Customer Service Delivery /</subfield>
    <subfield code="r">Thomas Anning-Dorson, Ishmael Ofoli Christian and Michael Boadi Nyamekye --</subfield>
    <subfield code="t">Cultural Influence on Customer Service Delivery /</subfield>
    <subfield code="r">Ogechi Adeola, Isaiah Adisa, and Abolaji Adewale Obileye --</subfield>
    <subfield code="t">Reward and Recognition Systems in Customer Service Organisations /</subfield>
    <subfield code="r">Thomas Katua Ngui --</subfield>
    <subfield code="t">Reward Systems &amp; Customer Service Delivery Among Small And Medium Enterprises In Lagos State /</subfield>
    <subfield code="r">Dumebi Anthony Ideh --</subfield>
    <subfield code="g">Theme F: Customer Service Skills --</subfield>
    <subfield code="t">Emotional Intelligence /</subfield>
    <subfield code="r">Yvonne Ayerki Lamptey and Kenneth A. Parku --</subfield>
    <subfield code="t">Twenty Traits of Customer Service Champions /</subfield>
    <subfield code="r">J. N. Halm --</subfield>
    <subfield code="t">Professional Grooming /</subfield>
    <subfield code="r">J. N. Halm --</subfield>
    <subfield code="t">Presentation Skills /</subfield>
    <subfield code="r">J. N. Halm --</subfield>
    <subfield code="g">Theme G: Customer Experience - Advancing Customer Service in Africa --</subfield>
    <subfield code="t">Advancing the Services Sector&apos;s Potential in Africa Through Customer Experience: A Conceptual Perspective /</subfield>
    <subfield code="r">Isaac K. Arthur, Ebenezer G. A. Nikoi and Samuel Benagr.</subfield>
  </datafield>
  <datafield tag="520" ind1=" " ind2=" ">
    <subfield code="a">&quot;Customer service management the world over is dynamic, with companies transitioning from a transactional to a more strategic view of the customer. Customers have evolved and transformed from &apos;passive audiences&apos; to &apos;active players.&apos; Consequently, businesses are moving away from the old industry model that sees value as created from goods and services to a new model where value is created by experiences. Today, customers engage in dialogue with businesses at each stage of product design and product delivery. This dialogue is an interactive process of learning together. Together, businesses and customers create value through customized, co-produced offerings. This co-creation of value help firms highlight the customer&apos;s or consumer&apos;s point of view and improve the front-end process of identifying customers&apos; needs. Co-creation, a new paradigm in the customer service literature, describes an environment in which businesses and customers create value through interaction aimed at further development of new business opportunities. In the past decade, co-creation has spread swiftly through theoretical and empirical analyses. Many professionals interested in marketing and consumer research, service management, and innovation management have applied &quot;co-creation&quot; models, enriching the approaches and the theoretical perspectives in the respective fields. Given the increasing recognition of the customer as a co-creator of value, this comprehensive and well-timed book aims to be an essential reference on the emerging role of the customer as a strategic partner in the co-creation value. This book discusses the management and delivery of customer service under seven broad themes: 1) customer service as shared value; 2) customer service systems; 3) customer service strategy; 4) customer service structure; 5) customer service style; 6) customer service staff; 7) customer service skills. The book examines the concepts, roles, and practices of customer service management. The authors also address the following central questions: 1) What is the new definition of customer service management? 2) How should organizations position themselves to create value for customers and stakeholders? 3) How should individuals representing organizations project themselves to align with the customer delivery promises made by their organizations?&quot;--</subfield>
    <subfield code="c">Provided by publisher.</subfield>
  </datafield>
  <datafield tag="650" ind1=" " ind2="0">
    <subfield code="a">Customer services</subfield>
    <subfield code="z">Africa, Sub-Saharan</subfield>
    <subfield code="x">Management.</subfield>
  </datafield>
  <datafield tag="700" ind1="1" ind2=" ">
    <subfield code="a">Hinson, Robert Ebo,</subfield>
    <subfield code="e">editor.</subfield>
  </datafield>
  <datafield tag="700" ind1="1" ind2=" ">
    <subfield code="a">Adeola, Ogechi,</subfield>
    <subfield code="e">editor,</subfield>
    <subfield code="e">author.</subfield>
  </datafield>
  <datafield tag="700" ind1="1" ind2=" ">
    <subfield code="a">Lituchy, Terri R.,</subfield>
    <subfield code="e">editor.</subfield>
  </datafield>
  <datafield tag="700" ind1="1" ind2=" ">
    <subfield code="a">Amartey, Abednego Feehi Okoe,</subfield>
    <subfield code="e">editor.</subfield>
  </datafield>
  <datafield tag="776" ind1="0" ind2="8">
    <subfield code="i">Online version:</subfield>
    <subfield code="t">Customer service management in Africa</subfield>
    <subfield code="d">New York : Routledge, 2020.</subfield>
    <subfield code="z">9780429031342</subfield>
    <subfield code="w">(DLC) 2019060076</subfield>
  </datafield>
  <datafield tag="985" ind1=" " ind2=" ">
    <subfield code="a">IENCIP</subfield>
    <subfield code="d">2020-01-02</subfield>
  </datafield>
</record>