
<record>
  <leader>03237cam a22003498i 4500</leader>
  <controlfield tag="001">21350080</controlfield>
  <controlfield tag="005">20200103124944.0</controlfield>
  <controlfield tag="008">191220s2020    flu      b    001 0 eng  </controlfield>
  <datafield tag="906" ind1=" " ind2=" ">
    <subfield code="a">0</subfield>
    <subfield code="b">ibc</subfield>
    <subfield code="c">orignew</subfield>
    <subfield code="d">1</subfield>
    <subfield code="e">ecip</subfield>
    <subfield code="f">20</subfield>
    <subfield code="g">y-gencatlg</subfield>
  </datafield>
  <datafield tag="925" ind1="0" ind2=" ">
    <subfield code="a">acquire</subfield>
    <subfield code="b">1 shelf copy</subfield>
    <subfield code="x">policy default</subfield>
  </datafield>
  <datafield tag="955" ind1=" " ind2=" ">
    <subfield code="b">LBSOR 2020-01-20</subfield>
    <subfield code="e">rl46 2020-01-03 (telework) to Dewey</subfield>
  </datafield>
  <datafield tag="010" ind1=" " ind2=" ">
    <subfield code="a">  2019043672</subfield>
  </datafield>
  <datafield tag="020" ind1=" " ind2=" ">
    <subfield code="a">9781498769655</subfield>
    <subfield code="q">(hardcover)</subfield>
  </datafield>
  <datafield tag="040" ind1=" " ind2=" ">
    <subfield code="a">LBSOR/DLC</subfield>
    <subfield code="b">eng</subfield>
    <subfield code="e">rda</subfield>
    <subfield code="c">DLC</subfield>
  </datafield>
  <datafield tag="042" ind1=" " ind2=" ">
    <subfield code="a">pcc</subfield>
  </datafield>
  <datafield tag="050" ind1="0" ind2="0">
    <subfield code="a">TP248.65.P62</subfield>
    <subfield code="b">I5274 2020</subfield>
  </datafield>
  <datafield tag="245" ind1="0" ind2="0">
    <subfield code="a">Industrial applications of biopolymers and their environmental impact /</subfield>
    <subfield code="c">editors, Abdullah Al-Mamun, Jonathan Y. Chen.</subfield>
  </datafield>
  <datafield tag="263" ind1=" " ind2=" ">
    <subfield code="a">1912</subfield>
  </datafield>
  <datafield tag="264" ind1=" " ind2="1">
    <subfield code="a">Boca Raton :</subfield>
    <subfield code="b">CRC Press ;</subfield>
    <subfield code="b">Taylor &amp; Francis Group,</subfield>
    <subfield code="c">[2020]</subfield>
  </datafield>
  <datafield tag="300" ind1=" " ind2=" ">
    <subfield code="a">pages cm</subfield>
  </datafield>
  <datafield tag="336" ind1=" " ind2=" ">
    <subfield code="a">text</subfield>
    <subfield code="b">txt</subfield>
    <subfield code="2">rdacontent</subfield>
  </datafield>
  <datafield tag="337" ind1=" " ind2=" ">
    <subfield code="a">unmediated</subfield>
    <subfield code="b">n</subfield>
    <subfield code="2">rdamedia</subfield>
  </datafield>
  <datafield tag="338" ind1=" " ind2=" ">
    <subfield code="a">volume</subfield>
    <subfield code="b">nc</subfield>
    <subfield code="2">rdacarrier</subfield>
  </datafield>
  <datafield tag="500" ind1=" " ind2=" ">
    <subfield code="a">&quot;A Science Publishers book.&quot;</subfield>
  </datafield>
  <datafield tag="504" ind1=" " ind2=" ">
    <subfield code="a">Includes bibliographical references and index.</subfield>
  </datafield>
  <datafield tag="505" ind1="0" ind2=" ">
    <subfield code="a">Modification of polylactic acid (PLA) and its industrial applications / A. Al-Mamun, M. Nikusahle, M. Feldmann and H.-P. Heim -- Grain waste product as potential bio-fiber resources / A. Al-Mamun -- Bio-based polyamides / M. Feldmann -- PHB production, properties, and applications / M.A.K.M. Zahari, M.D.H. Beg, N. Abdullah and N.D. Al-Jbour -- Polyvinyl alcohol and polyvinyl acetate / Md. S. Islam -- Starch and starch based polymers (TPS) / J. Fuchs and H.-P. Heim -- Chemistry of cellulose and cellulose based polymers / M.D.H Beg, K. Najwa and J.O. Akindoyo -- Chitin and chitosan and associated polymers / Md. S. Rahaman, J.M.M. Islam, Md. S. Manir, Md. R. Islam and M.A. Khan -- Carrageenan : a future biopolymer / F. Adam, Md. A. Hamdan and S.H. Abu Bakar -- Natural rubber and bio-based thermoplastic elastomer / Wei Jiang -- A life cycle assessment of protein-based bioplastics for food packaging applications / A. Jones, S. Sharma and S. Mani -- Bio-polyurethane and others / M.A. Sawpan -- Keratin-based bioplastic from chicken feathers : synthesis, properties and applications / A. Gupta, B.Y. Alashwal, Md. S. Bala and N. Ramakrishnan.</subfield>
  </datafield>
  <datafield tag="520" ind1=" " ind2=" ">
    <subfield code="a">&quot;Biopolymers represent a carbon emission neutral solution: they are green, eco-friendly, with wide usage for packaging, in the automotive industry, in biomedical engineering, pulp and paper industries, and for the development of new building materials. The book describes the various source raw materials and their properties. The polymerization process, the chemical structure, properties and relationship between structure and properties of biopolymers are also described. This book identifies the drawbacks of biopolymers and how to overcome them by modification methods to enhance compatibility, flexibility, enhanced physicochemical properties, thermal stability, impact response, and rigidity etc. The book bridges the gap between the end-user and researcher, which makes it different from other books on the subject&quot;--</subfield>
    <subfield code="c">Provided by publisher.</subfield>
  </datafield>
  <datafield tag="650" ind1=" " ind2="0">
    <subfield code="a">Biopolymers</subfield>
    <subfield code="x">Industrial applications.</subfield>
  </datafield>
  <datafield tag="650" ind1=" " ind2="0">
    <subfield code="a">Biopolymers</subfield>
    <subfield code="x">Environmental aspects.</subfield>
  </datafield>
  <datafield tag="700" ind1="1" ind2=" ">
    <subfield code="a">Al-Mamun, Abdullah,</subfield>
    <subfield code="d">1975-</subfield>
    <subfield code="e">editor.</subfield>
  </datafield>
  <datafield tag="700" ind1="1" ind2=" ">
    <subfield code="a">Chen, Jonathan Y.,</subfield>
    <subfield code="e">editor.</subfield>
  </datafield>
  <datafield tag="985" ind1=" " ind2=" ">
    <subfield code="a">LBSORCIP</subfield>
    <subfield code="d">2020-01-20</subfield>
  </datafield>
</record>