
<record>
  <leader>01729cam a22003975a 4500</leader>
  <controlfield tag="001">21350191</controlfield>
  <controlfield tag="005">20200103032633.0</controlfield>
  <controlfield tag="008">200103s2019    mr       b    000 0cara d</controlfield>
  <datafield tag="906" ind1=" " ind2=" ">
    <subfield code="a">0</subfield>
    <subfield code="b">ibc</subfield>
    <subfield code="c">copycat</subfield>
    <subfield code="d">3</subfield>
    <subfield code="e">ncip</subfield>
    <subfield code="f">20</subfield>
    <subfield code="g">y-nonroman</subfield>
  </datafield>
  <datafield tag="925" ind1="0" ind2=" ">
    <subfield code="a">acquire</subfield>
    <subfield code="b">1 shelf copy</subfield>
    <subfield code="x">policy default</subfield>
  </datafield>
  <datafield tag="955" ind1=" " ind2=" ">
    <subfield code="b">we55 2020-01-03 z-processor JACKPHY</subfield>
  </datafield>
  <datafield tag="010" ind1=" " ind2=" ">
    <subfield code="a">  2019446359</subfield>
  </datafield>
  <datafield tag="020" ind1=" " ind2=" ">
    <subfield code="a">9789920363433</subfield>
  </datafield>
  <datafield tag="020" ind1=" " ind2=" ">
    <subfield code="a">992036343X</subfield>
  </datafield>
  <datafield tag="035" ind1=" " ind2=" ">
    <subfield code="a">(OCoLC)on1127906030</subfield>
  </datafield>
  <datafield tag="037" ind1=" " ind2=" ">
    <subfield code="a">49.00 MAD</subfield>
  </datafield>
  <datafield tag="040" ind1=" " ind2=" ">
    <subfield code="a">A7U</subfield>
    <subfield code="b">eng</subfield>
    <subfield code="c">A7U</subfield>
    <subfield code="e">rda</subfield>
    <subfield code="d">A7U</subfield>
    <subfield code="d">DLC</subfield>
  </datafield>
  <datafield tag="042" ind1=" " ind2=" ">
    <subfield code="a">lccopycat</subfield>
  </datafield>
  <datafield tag="097" ind1="0" ind2="0">
    <subfield code="a">BP166.2</subfield>
    <subfield code="b">.T84 2019</subfield>
  </datafield>
  <datafield tag="100" ind1="1" ind2=" ">
    <subfield code="6">880-01</subfield>
    <subfield code="a">Tuhāmī, Maḥāsin,</subfield>
    <subfield code="e">author.</subfield>
  </datafield>
  <datafield tag="880" ind1="1" ind2=" ">
    <subfield code="6">100-01//r</subfield>
    <subfield code="a">تهامي، محاسن،</subfield>
    <subfield code="e">مؤلف.</subfield>
  </datafield>
  <datafield tag="245" ind1="1" ind2="0">
    <subfield code="6">880-02</subfield>
    <subfield code="a">Asmāʼ Allāh al-ḥusná :</subfield>
    <subfield code="b">sakīnah lil-nafs wa-tazkiyah lil-sulūk /</subfield>
    <subfield code="c">Dt. Maḥāsin al-Tuhāmī.</subfield>
  </datafield>
  <datafield tag="880" ind1="1" ind2="0">
    <subfield code="6">245-02//r</subfield>
    <subfield code="a">اسماء الله الحسنى :</subfield>
    <subfield code="b">سكينة للنفس وتزكية للسلوك /</subfield>
    <subfield code="c">دة. محاسن التهامي.</subfield>
  </datafield>
  <datafield tag="250" ind1=" " ind2=" ">
    <subfield code="6">880-03</subfield>
    <subfield code="a">al-Ṭabʻah al-ūlá.</subfield>
  </datafield>
  <datafield tag="880" ind1=" " ind2=" ">
    <subfield code="6">250-03//r</subfield>
    <subfield code="a">الطبعة الأولى.</subfield>
  </datafield>
  <datafield tag="264" ind1=" " ind2="1">
    <subfield code="6">880-04</subfield>
    <subfield code="a">[Place of publication not identified] :</subfield>
    <subfield code="b">[publisher not identified],</subfield>
    <subfield code="c">2019.</subfield>
  </datafield>
  <datafield tag="880" ind1=" " ind2="1">
    <subfield code="6">264-04//r</subfield>
    <subfield code="a">[مكان النشر غير معرف] :</subfield>
    <subfield code="b">[الناشر غير معرف]،</subfield>
    <subfield code="c">2019.</subfield>
  </datafield>
  <datafield tag="264" ind1=" " ind2="3">
    <subfield code="6">880-05</subfield>
    <subfield code="a">Murrākush :</subfield>
    <subfield code="b">al-Maṭbaʻah wa-al-Warrāqah al-Waṭanīyah</subfield>
  </datafield>
  <datafield tag="880" ind1=" " ind2="3">
    <subfield code="6">264-05//r</subfield>
    <subfield code="a">مراكش :</subfield>
    <subfield code="b">المطبعة والوراقة الوطنية</subfield>
  </datafield>
  <datafield tag="300" ind1=" " ind2=" ">
    <subfield code="a">147 pages ;</subfield>
    <subfield code="c">24 cm</subfield>
  </datafield>
  <datafield tag="336" ind1=" " ind2=" ">
    <subfield code="a">text</subfield>
    <subfield code="b">txt</subfield>
    <subfield code="2">rdacontent</subfield>
  </datafield>
  <datafield tag="337" ind1=" " ind2=" ">
    <subfield code="a">unmediated</subfield>
    <subfield code="b">n</subfield>
    <subfield code="2">rdamedia</subfield>
  </datafield>
  <datafield tag="338" ind1=" " ind2=" ">
    <subfield code="a">volume</subfield>
    <subfield code="b">nc</subfield>
    <subfield code="2">rdacarrier</subfield>
  </datafield>
  <datafield tag="504" ind1=" " ind2=" ">
    <subfield code="a">Includes bibliographical references (pages 147).</subfield>
  </datafield>
  <datafield tag="650" ind1=" " ind2="0">
    <subfield code="a">God (Islam)</subfield>
    <subfield code="x">Name.</subfield>
  </datafield>
  <datafield tag="650" ind1=" " ind2="0">
    <subfield code="a">God (Islam)</subfield>
    <subfield code="x">Attributes.</subfield>
  </datafield>
</record>